@misc{time,
	author = {Glenn Fiedler},
	title = {Fix Your Timestep!},
	year = {2004},
	publisher = {Gaffer On Games},
	url = {https://gafferongames.com/post/fix_your_timestep/}
},

@misc{cookie,
	title = {Cookie Clicker},
	author = {Orteil, Opti},
	url = {http://orteil.dashnet.org/cookieclicker/}
},

@misc{game-dev-tycoon,
	title = {Game Dev Tycoon},
	url = {http://www.greenheartgames.com/app/game-dev-tycoon/},
	publisher = {Greenheart Games},
	year = {2012}
},

@misc{whipbit,
	title = {Whipbit Solutions},
	url = {https://vilix.itch.io/whipbit-solutions},
	author = {Vilem Zouhar}
},

@misc{upgrades,
	author = {Alexander King},
	title = {Numbers Getting Bigger: The Design and Math of Incremental Games},
	year = {2015},
	url = {https://gamedevelopment.tutsplus.com/articles/numbers-getting-bigger-the-design-and-math-of-incremental-games--cms-24023}
},

@misc{drag,
	title = {MouseFunctions},
	url = {https://processing.org/examples/mousefunctions.html}
},

@misc{animation,
	author = {James Paterson},
	title = {Animated Sprite (Shift + Teddy)},
	url = {https://processing.org/examples/animatedsprite.html}
}
